@article{maier2024,
      title={Conditional density regression for individual-level data},
      author={Eva-Maria Maier and Alexander Fottner and Almond St√∂cker and Varema Okhrin and Sonja Greven},
      year={2024},
journal={Unpublished manuscript}
}
